% Encoding: UTF8

@article{nunes2012computaccao,
  Title                    = {Computa{\c{c}}{\~a}o Afetiva personalizando interfaces, intera{\c{c}}{\~o}es e recomenda{\c{c}}{\~o}es de produtos, servi{\c{c}}os e pessoas em ambientes computacionais},
  Author                   = {Nunes, MASN},
  Journal                  = {DCOMP e PROCC: Pesquisas e Editora UFS: S{\~a}o Crist{\'o}v{\~a}o},
  Pages                    = {115--151},
  Year                     = {2012}
}

@inproceedings{Morais2017,
  Title                    = {Computa{\c{c}}{\~a}o Afetiva aplicada {\`a} Educa{\c{c}}{\~a}o: uma revis{\~a}o sistem{\'a}tica das pesquisas publicadas no Brasil},
  Author                   = {Morais, Felipe and da Silva, Juarez and Reis, Helena and Isotani, Seiji and Jaques, Patricia},
  booktitle={Brazilian Symposium on Computers in Education (Simp{\'o}sio Brasileiro de Inform{\'a}tica na Educa{\c{c}}{\~a}o-SBIE)},
  Volume                   = {28},
  Number                   = {1},
  Pages                    = {163},
  Year                     = {2017}
}

@article{WilliamReis2017,
  Title                    = {Um M{\'e}todo de Identifica{\c{c}}{\~a}o de Emo{\c{c}}{\~o}es Baseado na Minera{\c{c}}{\~a}o de Padr{\~o}es Sequenciais},
  Author                   = {DOS REIS, WILLIAN AUGUSTO DIAS},
  Year                     = {2017}
}

@article{Louro2014,
  Title                    = {VIRTUAL COGNITIVO O DESVELAR DE MORFOLOGIAS AFETIVAS EM REPERT{\'O}RIOS PO{\'E}TICOS DE IMERS{\~A}O},
  Author                   = {Louro, Donizetti and Fraga, Tania and Louro, Luciana},
  Year                     = {2014}
}

@article{amadeu2humano,
  Title                    = {Humano-computador em intera{\c{c}}{\~o}es afetivas},
  Author                   = {Amadeu, Fl{\'a}via},
  Journal                  = {Revista CoMA--Coletivo do Mestrado em Arte. Bras{\'\i}lia: P{\'o}s-gradua{\c{c}}{\~a}o em Arte, UnB, ano},
  Volume                   = {2},
  Pages                    = {174--183},
  Year                     = {2014}
}

@article{iepsen2013avaliando,
  Title                    = {Avaliando a Dimens{\~a}o Afetiva para Apoio ao Processo de Aprendizagem na Disciplina de Algoritmos: um Estudo de Caso/Evaluating the Affective Dimension to Support the Learning Process in the Discipline of Algorithms: a Case Study},
  Author                   = {Iepsen, Ed{\'e}cio Fernando and Bercht, Magda and Reategui, Eliseo Berni},
  Journal                  = {Revista Latinoamericana de Tecnolog{\'\i}a Educativa-RELATEC},
  Volume                   = {12},
  Number                   = {2},
  Pages                    = {55--66},
  Year                     = {2013}
}

@article{jaques2005estado,
  Title                    = {Estado da arte em ambientes inteligentes de aprendizagem que consideram a afetividade do aluno},
  Author                   = {Jaques, Patr{\'\i}cia Augustin and Vicari, Rosa Maria},
  Journal                  = {Revista inform{\'a}tica na educa{\c{c}}{\~a}o: teoria \& pr{\'a}tica},
  Volume                   = {8},
  Number                   = {1},
  Pages                    = {15--38},
  Year                     = {2005}
}

@article{pontarolo2003diferentes,
  Title                    = {Diferentes abordagens de computa{\c{c}}{\~a}o afetiva em sistemas multiagentes e sistemas tutores inteligentes},
  Author                   = {Pontarolo, Edilson and Bercht, Magda and Vicari, Rosa Maria},
  Journal                  = {Inform{\'a}tica na educa{\c{c}}{\~a}o: teoria \& pr{\'a}tica. Porto Alegre. Vol. 6, n. 2 (jul./dez. 2003), p. 21-37},
  Year                     = {2003}
}

@article{squirra2016tecnologia,
  Title                    = {A tecnologia e a evolu{\c{c}}{\~a}o podem levar a comunica{\c{c}}{\~a}o para a esfera das mentes},
  Author                   = {Squirra, Sebasti{\~a}o Carlos},
  Journal                  = {Revista FAMECOS: m{\'\i}dia, cultura e tecnologia},
  Volume                   = {23},
  Number                   = {1},
  Year                     = {2016},
  publisher={Pontif{\'\i}cia Universidade Cat{\'o}lica do Rio Grande do Sul}
}

@article{nunes2010computaccao,
  Title                    = {Computa{\c{c}}{\~a}o Afetiva e sua influ{\^e}ncia na personaliza{\c{c}}{\~a}o de Ambientes Educacionais: gerando equipes compat{\'\i}veis para uso em AVAs na EaD},
  Author                   = {Nunes, MASN and Bezerra, Jonas S and Reinert, Danilo and Moraes, Daniel and Silva, EP and Pereira, Avner JS},
  Journal                  = {Educa{\c{c}}{\~a}o E Ciberespa{\c{c}}o: Estudos, Propostas E Desafios. Aracaju: Virtus Editora},
  Volume                   = {1},
  Pages                    = {308--347},
  Year                     = {2010}
}

@inbook{Holanda2018,
author = {Holanda, Giovanni and Leugi, Guilherme and Alves, Angela},
year = {2018},
month = {01},
pages = {163-228},
title = {Uma abordagem dialógica para pensar a ética das tecnologias digitais},
isbn = {978-85-99945-04-9}
}

@article{amorim2009,
  Title                    = {O uso da webcam na educa{\c{c}}{\~a}o},
  Author                   = {Amorim, Maur{\'\i}cio Jos{\'e} Viana and Bercht, Magda},
  Journal                  = {RENOTE},
  Volume                   = {7},
  Number                   = {3},
  Pages                    = {519--529},
  Year                     = {2009}
}

@inproceedings{piteira2019etica,
  Title                    = {A {\'E}tica na Intelig{\^e}ncia Artificial: Desafios},
  Author                   = {Piteira, Martinha and Aparicio, Manuela and Costa, Carlos J},
  booktitle={CISTI'2019-14{\textordfeminine} Confer{\^e}ncia Ib{\'e}rica de Sistemas e Tecnologias de Informa{\c{c}}{\~a}o},
  Year                     = {2019}
}

@article{bembem2014tempo,
  Title                    = {Tempo do conhecimento interativo: reflex{\~o}es sobre a intelig{\^e}ncia coletiva e o pensamento complexo},
  Author                   = {Bembem, Angela Halen Claro and da Costa, Pl{\'a}cida Leopoldina Ventura Amorim and de Pinho Neto, J{\'u}lio Afonso S{\'a} and others},
  Journal                  = {Em Quest{\~a}o},
  Volume                   = {20},
  Number                   = {1},
  Pages                    = {11--31},
  Year                     = {2014},
  publisher={Universidade Federal do Rio Grande do Sul}
}

@article{baracho2016questoes,
  Title                    = {Quest{\~o}es {\'e}ticas no campo cient{\'\i}fico da informa{\c{c}}{\~a}o},
  Author                   = {Baracho, Renata Maria Abrantes},
  Journal                  = {Prisma. com},
  Number                   = {32},
  Pages                    = {46--61},
  Year                     = {2016}
}

@article{de2017full,
  Title                    = {Full Connectivity Resizes Contemporary Communication},
  Author                   = {de Morais Squirra, Sebasti{\~a}o Carlos},
  Journal                  = {Palabra Clave},
  Volume                   = {20},
  Number                   = {1},
  Pages                    = {162--183},
  Year                     = {2017},
  publisher={Universidad de La Sabana}
}

@article{viana2015desenvolvimento,
  Title                    = {Desenvolvimento de modelo de infer{\^e}ncia de conhecimento baseado nas express{\~o}es faciais e nos comportamentos observ{\'a}veis.},
  Author                   = {Viana, Rafael Rodrigues},
  Year                     = {2015}
}

@article{amadeu2006sensiveis,
  Title                    = {Sens{\'\i}veis simbioses: intera{\c{c}}{\~o}es afetivas},
  Author                   = {Amadeu, Flavia Regina da Motta},
  Year                     = {2006}
}

@article{de2014biofeedback,
  Title                    = {Biofeedback Augmented Gameplay: Cria{\c{c}}{\~a}o de Uma Framework para o Desenvolvimento de Mecanismos de Interac{\c{c}}{\~a}o Fisiol{\'o}gica em Videojogos Comerciais},
  Author                   = {de Oliveira Rego, David},
  Year                     = {2014}
}

@inproceedings{longhi2008desafio,
  Title                     = {O desafio de reconhecer a dimens{\~a}o afetiva em ambientes virtuais de aprendizagem},
  Author                    = {Longhi, Magal{\'\i} Teresinha and Behar, Patricia Alejandra and Bercht, Magda},
  booktitle={Brazilian Symposium on Computers in Education (Simp{\'o}sio Brasileiro de Inform{\'a}tica na Educa{\c{c}}{\~a}o-SBIE)},
  Volume                   = {1},
  Number                   = {1},
  Pages                    = {471--480},
  Year                     = {2008}
}

@article{carvalho2009jogo,
  Title                    = {O jogo como ambiente de Realidade Virtual no cen{\'a}rio das Tecnologias da Informa{\c{c}}{\~a}o e Comunica{\c{c}}{\~a}o},
  Author                   = {Carvalho, Marisa Ara{\'u}jo and Rover, Aires},
  Journal                  = {Revista Eletr{\^o}nica Democracia Digital e Governo Eletr{\^o}nico},
  Volume                   = {1},
  Number                   = {1},
  Year                     = {2009}
}

@article{lourohumano,
  Title                    = {Humano Virtual, Virtual Humano--O Devir do Processo de Cria{\c{c}}{\~a}o em Ambientes Imersivos},
  Author                   = {Louro, Luciana and Louro, Donizetti}
}

@inproceedings{jaques2012computaccao,
  Title                    = {Computa{\c{c}}ao afetiva aplicada a educa{\c{c}}ao: Dotando sistemas tutores inteligentes de habilidades sociais},
  Author                   = {Jaques, Patr{\'\i}cia A and Nunes, Maria Augusta SN and Isotani, Seiji and Bittencourt, Ig},
  Booktitle                = {Anais do Workshop de Desafios da Computa{\c{c}}{\~a}o Aplicada {\`a} Educa{\c{c}}{\~a}o},
  Pages                    = {50--59},
  Year                     = {2012}
}

@article{goleman1995inteligencia,
  Title                    = {Inteligência Emocional; tradu{\c{c}}{\~a}o de Marcos Santarrita},
  Author                   = {Goleman, Daniel},
  Journal                  = {Rio de Janeiro: Objetiva},
  Year                     = {1995}
}

@book{dalgleish2000handbook,
  Title                    = {Handbook of cognition and emotion},
  Author                   = {Dalgleish, Tim and Power, Mick},
  Year                     = {2000},
  Publisher                = {John Wiley \& Sons}
}

@book{lane2002cognitive,
  Title                    = {Cognitive neuroscience of emotion},
  Author                   = {Lane, Richard D and Nadel, Lynn},
  Year                     = {2002},
  Publisher                = {Oxford University Press}
}

@book{damasio2012erro,
  Title                    = {O erro de Descartes: emo{\c{c}}{\~a}o, raz{\~a}o e o c{\'e}rebro humano},
  Author                   = {Dam{\'a}sio, Ant{\'o}nio},
  Year                     = {2012},
  Publisher                = {Editora Companhia das Letras}
}






@Book{Lazarus,
  Title                    = {EMOTION E ADAPTATION},
  Publisher                = {OXFORD UNIVERSITY PRESS},
  Year                     = {1991},
  Author                   = {LAZARUS, R. S.},
}

@Book{Picard,
  Title                    = {Affective Computing},
  Publisher                = {Cambridge: MIT Press},
  Year                     = {1997},
  Author                   = {PICARD, R. W.},
}

@Book{Ekman1999,
  Title                    = {Basic Emotions},
  Publisher                = {Sussex: John Wiley \& Sons},
  Year                     = {1999},
  Author                   = {EKMAN, P},
  editor    = {DALGLEISH, T.; POWER, M.},
}

@Book{Ekman1994,
  Title                    = {All Emotions are Basic},
  Publisher                = {Oxford: Oxford University Press},
  Year                     = {1994},
  Author                   = {EKMAN, P},
  editor    = {DAVIDSON, R.},
}

@Book{Hall1998,
  Title                    = {Theories Of Personality},
  Publisher                = {John Wiley \& Sons Insc.},
  Year                     = {1998},
  Author                   = {HALL, Calvin S.; LINDZEY, Gardner; CAMPBELL, john, B.},
}
  
@Misc{Jaques2019,
  Title                    = {Computa{\c{c}}ao afetiva aplicada a educa{\c{c}}ao},

  Author                   = {Jaques, Patr{\'\i}cia A and Nunes, Maria Augusta SN},
  Year                     = {2019},
  Url                      = {https://ieducacao.ceie-br.org/computacaoafetiva/},
  Urlaccessdate            = {08 nov. 2019}
}

@InProceedings{Bercht2017,
  Author                   = {Bercht, M. and Santos, D. F. and Lima, R. P.},
  Title                    = {As contribuições em Computação Afetiva desenvolvidas no PPIGIE/UFRGS},
  booktitle = {Research and Innovation in Brazillian Education},
  Year                     = {2017},
  Editor                   = {Blikstein, P.; Martins, S. W.; Reis, R. C. D.},
  Number                   = {II},
  Address                  = {Standford, CA, US.},
  Month                    = nov,
  Publisher                = {Lemann Center},
}

@InProceedings{Rodrigues2017,
  Author                   = {Rodrigues, C. L. and Sato, R. J. and Abrão, C. and Venero, M. L. and Vittori, K. and Correa, F. and Pereira, L.},
  Title                    = {Computação Afetiva e Sua Aplicação na Educação: Trabalhos Relacionados e Projeções Futuras},
  Booktitle                = {Research and Innovation in Brazillian Education},
  Year                     = {2017},
  Editor                   = {Blikstein, P.; Martins, S. W.; Reis, R. C. D.},
  Number                   = {II},
  Address                  = {Standford, CA, US.},
  Month                    = nov,
  Publisher                = {Lemann Center},
}

@Book{Berger2003,
  Title                    = {The Developing Person Through The Life Span},
  Publisher                = {Worth Publishers},
  Year                     = {2003},
  Author                   = {BERGER, K. S.},
  edition   = {6ª Ed},
}

@Article{Hutz1998,
  Author                   = {HUTZ, C. S., Nunes, C. H., SILVEIRA, A. D., SERRA, j., ANTON, M., \& WIECZOREK, L. S.},
  Title                    = {O Desenvolvimento De Marcadores Para A Avaliação Da Personalidade No Modelo Dos Cinco Grandes Fatores.},
  Journal                  = {Psicologia: Reflexão E Crítica},
  Year                     = {1998},
}

@Article{Reis2018,
  Author                   = {Reis, R C D and Isotani, S. and Rodriguez, C. L. and Lyra, K. T. and Jaques, P. A. and Bittencourt, I. I.},
  Title                    = {Aﬀective states in computer-supported collaborative learning: Studying the past to drive the future},
  Journal                  = {Computers \& Education},
  Year                     = {2018},
  Volume                   = {120},
  Pages                    = {29-50},
}